@book{rice,
  author = {John Rice},  
  title = {Mathematical Statistics \& Data Analysis},
  publisher = {Duxburry},
  year = {2007}
}